<?xml version="1.0" encoding="UTF-8"?><collection xmlns="http://www.loc.gov/MARC21/slim"><record><leader>00496nam--2200181-i-4500</leader><controlfield tag="001">000013490</controlfield><controlfield tag="002">20161230</controlfield><controlfield tag="005">20170128004910</controlfield><controlfield tag="008">060222s1000------------r-----000-0-eng-d</controlfield><datafield ind1=" " ind2=" " tag="080"><subfield code="a">541.28</subfield></datafield><datafield ind1=" " ind2=" " tag="100"><subfield code="a">Choppin, Gregory R</subfield></datafield><datafield ind1=" " ind2=" " tag="245"><subfield code="a">Nuclear chemistry theory and applications</subfield></datafield><datafield ind1=" " ind2=" " tag="260"><subfield code="a">Oxford</subfield><subfield code="b">Pergamon Press</subfield><subfield code="c">1980</subfield></datafield><datafield ind1=" " ind2=" " tag="300"><subfield code="a">VIII + 667 p</subfield></datafield><datafield ind1=" " ind2=" " tag="490"><subfield code="a">Pure And Applied Mathematics.A Series Of Monog</subfield></datafield><datafield ind1=" " ind2=" " tag="700"><subfield code="a">Eilenberg, Samuel</subfield></datafield><datafield ind1=" " ind2=" " tag="852"><subfield code="a">48914</subfield></datafield><datafield ind1=" " ind2=" " tag="CAT"><subfield code="a">SYS</subfield><subfield code="c">20170128</subfield><subfield code="h">004910</subfield></datafield></record></collection>